<?xml version="1.0" encoding="UTF-8"?><collection xmlns="http://www.loc.gov/MARC21/slim"><record><leader>00369nam--2200133-i-4500</leader><controlfield tag="001">000031593</controlfield><controlfield tag="002">20161230</controlfield><controlfield tag="005">20161230201038</controlfield><controlfield tag="008">060222s1000------------r-----000-0-eng-d</controlfield><datafield ind1=" " ind2=" " tag="020"><subfield code="a">NATIONAL BUREAU OF STANDARD SPECIAL PUBLICATION </subfield></datafield><datafield ind1=" " ind2=" " tag="100"><subfield code="a">Machlan, L.A</subfield></datafield><datafield ind1=" " ind2=" " tag="245"><subfield code="a">Garner,e.l</subfield></datafield><datafield ind1=" " ind2=" " tag="260"><subfield code="a">Shields. W.R</subfield></datafield><datafield ind1=" " ind2=" " tag="490"><subfield code="a">Washington, U.S.Goverment Printing Office, 1971. 150p</subfield></datafield></record></collection>